% ======================
% consistent checking algo
% ======================

% brute-force searching
@article{wing93testing,
    author = "J. M. Wing and C. Gong",
    title = "Testing and verifying concurrent objects",
    journal = jpdc,
    volume = 17,
    number={1-2},
    year = 1993,
    month=jan
}

@inproceedings{anderson10what,
    title = "What consistency does your key-value store \emph{actually}
    provide?",
    author = "Eric Anderson and Xiaozhou Li and Mehul A. Shah and Joseph
        Tucek and Jay J. Wylie",
    booktitle = hotdep,
    month = oct,
    year = 2010,
    note = "Full version: Technical Report HPL-2010-98, Hewlett-Packard
        Laboratories, 2010"
}

@article{gibbons97testing,
    author = "P. B. Gibbons and E. Korach",
    title = "Testing shared memories",
    journal = sijc,
    volume = 26,
    number = 4,
    year = 1997,
    month = aug
}

@inproceedings{jana11eve,
    title = "{EVE}: Verifying Correct Execution of Cloud-Hosted Web
        Applications",
    author = "Suman Jana and Vitaly Shmatikov",
    booktitle = hotcloud,
    year = 2011,
    month = jun,
}

@inproceedings{golab11analyzing,
    title = "Analyzing consistency properties for fun and profit",
    author = "Wojciech Golab and Xiaozhou Li and Mehul Shah",
    booktitle = podc,
    month = jun,
    year = 2011
}


% ==========================
% checking view-SER
% ==========================

@inproceedings{biswas19complexity,
  title={On the complexity of checking transactional consistency},
  author={Biswas, Ranadeep and Enea, Constantin},
  booktitle=oopsla,
  month = oct,
  year=2019,
}

@misc{dbcop,
    title = "On the Complexity of Checking Transactional Consistency",
  author={Biswas, Ranadeep and Enea, Constantin},
    howpublished = "\url{https://zenodo.org/record/3367334}"
}


% ==========================
% counting linear extensions
% ==========================

# #p-complete proof
@inproceedings{brightwell91counting,
  title={Counting linear extensions is {#P-complete}},
  author={Brightwell, Graham and Winkler, Peter},
  booktitle=stoc,
  year={1991},
  month=may
}

# What we implemented
@article{banks18using,
  title={Using {TPA} to count linear extensions},
  author={Banks, Jacqueline and Garrabrant, Scott M and Huber, Mark L and Perizzolo, Anne},
  journal={Journal of Discrete Algorithms},
  volumn={51},
  number=1,
  year={2018},
  month=july,
}

# Another O(n^5)
@inproceedings{bubley98faster,
  title={Faster Random Generation of Linear Extensions.},
  author={Bubley, Russ and Dyer, Martin E},
  booktitle=soda,
  year={1998},
  month=jan
}

# PTAS
@article{dyer91random,
  title={A random polynomial-time algorithm for approximating the volume of convex bodies},
  author={Dyer, Martin and Frieze, Alan and Kannan, Ravi},
  journal=jacm,
  volume={38},
  number={1},
  year={1991},
  month=jan,
}

% ================
% Definitions
% ================

% conflict-serializable definition
@book{weikum01transactional,
  title={Transactional information systems: theory, algorithms, and the practice of concurrency control and recovery},
  author={Weikum, Gerhard and Vossen, Gottfried},
  year={2001},
  publisher={Elsevier}
}

% linearizability definition
@article{herlihy90linearizability,
  Author = {Maurice P. Herlihy and Jeannette M. Wing},
  Journal = TOPLAS,
  Title = {Linearizability: A Correctness Condition for Concurrent Objects},
  volume = 12,
  number = 3,
  month = jul,
  Year = {1990}
}

% Adya's SER definition
@phdthesis{adya99weak,
  title={Weak consistency: a generalized theory and optimistic implementations for distributed transactions},
  school={Massachusetts Institute of Technology},
  author={Adya, Atul},
  year={1999},
}

% strict serializability
@article{papadimitriou79serializability,
  title = "The serializability of concurrent database updates",
  author = "Christos H. Papadimitriou",
  journal = JACM,
  volume = 26,
  number = 4,
  year = 1979,
  month = oct,
}



% serializability
@article{bernstein79formal,
  title = "Formal Aspects of Serializability in Database Concurrency Control",
  author = "Philip A. Bernstein and David W. Shipman and Wing S. Wong",
  journal = tse,
  volume = {SE-5},
  number = 3,
  year = 1979,
  month = may,
}

@article{casanova80general,
  title={General purpose schedulers for database systems},
  author={Casanova, Marco A and Bernstein, Philip A},
  journal={Acta Informatica},
  volume={14},
  number={3},
  year={1980},
  month=sep,
}

% view serializability
@article{yannakakis84serializability,
  title={Serializability by locking},
  author={Yannakakis, Mihalis},
  journal=jacm,
  volume={2},
  year={1984},
  month=apr,
}

@article{papadimitriou86theory,
  title={The theory of database concurrency control},
  author={Papadimitriou, Christos},
  year={1986},
  publisher={Computer Science Press Inc., Rockville, MD}
}

@book{bernstein87concurrency,
  title={Concurrency control and recovery in database systems},
  author={Bernstein, Philip A and Hadzilacos, Vassos and Goodman, Nathan},
  year={1987},
  publisher={Addison-Wesley Longman Publishing Co., Inc.}
}

% herbrand interpretation
@article{luckham70formalised,
  title={On formalised computer programs},
  author={Luckham, David C and Park, David Michael Ritchie and Paterson, Michael S},
  journal={Journal of Computer and System Sciences},
  volume={4},
  number={3},
  year={1970},
  month=jun,
}

@misc{bailis14linearizability,
    title = "Linearizability versus Serializability",
    author = "Peter Bailis",
    month = sep,
    year = 2014,
    howpublished =
        "\url{http://www.bailis.org/blog/linearizability-versus-serializability/}"
}

@article{bailis14highly,
    author = "Peter Bailis and Aaron Davidson and Alan Fekete and Ali Ghodsi and Joseph M. Hellerstein and Ion Stoica",
    title = "Highly available transactions: virtues and limitations",
    journal = pvldb,
    year = 2014,
    month = sep,
}


% ==============
% SAT/SMT solver
% ==============

% SMT

@misc{yices,
  title = {The {Yices SMT} solver},
  howpublished = "\url{http://yices.csl.sri.com/}"
}

@inproceedings{barrett11cvc4,
  author    = {Clark Barrett and Christopher L. Conway and Morgan Deters and
               Liana Hadarean and Dejan Jovanovi{'{c}} and Tim King and
               Andrew Reynolds and Cesare Tinelli},
  title     = {{CVC4}},
  booktitle = cav,
  month     = jul,
  year      = 2011,
}

@inproceedings{soos09extending,
  author    = {Mate Soos and
               Karsten Nohl and
               Claude Castelluccia},
  title     = {Extending {SAT} solvers to cryptographic problems},
  booktitle = {Proc. SAT},
  year      = {2009},
  month     = jun,
}

@book{biere09handbook,
  title={Handbook of satisfiability},
  author={Biere, Armin and Heule, Marijn and van Maaren, Hans},
  volume={185},
  year={2009},
  publisher={IOS press}
}

@inproceedings{de08z3,
  title={{Z3}: An efficient {SMT} solver},
  author={De Moura, Leonardo and Bj{\o}rner, Nikolaj},
  booktitle=tacas,
  year={2008},
  month=mar
}
@inproceedings{bruttomesso08mathsat,
  title={The {MathSAT} 4 {SMT} solver},
  author={Bruttomesso, Roberto and Cimatti, Alessandro and Franz{\'e}n, Anders and Griggio, Alberto and Sebastiani, Roberto},
  booktitle=cav,
  year={2008},
  month=jul
}
@inproceedings{stump02cvc,
  title={{CVC}: a cooperating validity checker},
  author={Stump, Aaron and Barrett, Clark W and Dill, David L},
  booktitle=cav,
  year={2002},
  month=jul
}

@inproceedings{moskewicz01chaff,
  title={Chaff: Engineering an efficient {SAT} solver},
  author={Moskewicz, Matthew W and Madigan, Conor F and Zhao, Ying and Zhang, Lintao and Malik, Sharad},
  booktitle=dac,
  year={2001},
  month=jun
}

@inproceedings{goldberg07berkmin,
  title={{BerkMin}: A fast and robust {SAT-solver}},
  author={Goldberg, Eugene and Novikov, Yakov},
  booktitle={Proc. DATE},
  year={2002},
  month=mar
}

% monosat
@inproceedings{bayless15sat,
  title={{SAT} modulo monotonic theories},
  author={Bayless, Sam and Bayless, Noah and Hoos, Holger H and Hu, Alan J},
  booktitle=aaai,
  year={2015},
  month=jan
}

% minisat
@inproceedings{een2003extensible,
  title={An extensible SAT-solver},
  author={E{\'e}n, Niklas and S{\"o}rensson, Niklas},
  booktitle={International conference on theory and applications of satisfiability testing},
  year={2003},
  organization={Springer}
}


@inproceedings{liang16exponential,
  title={Exponential recency weighted average branching heuristic for {SAT} solvers},
  author={Liang, Jia Hui and Ganesh, Vijay and Poupart, Pascal and Czarnecki, Krzysztof},
  booktitle=aaai,
  year={2016},
  month=feb
}

@inproceedings{balyo17sat,
  title={{SAT} competition 2016: Recent developments},
  author={Balyo, Tomas and Heule, Marijn JH and Jarvisalo, Matti},
  booktitle=aaai,
  year={2017},
  month=feb
}

@inproceedings{cadar08klee,
  title={{KLEE}: Unassisted and automatic generation of high-coverage tests for complex systems programs},
  author={Cadar, Cristian and Dunbar, Daniel and Engler, Dawson R and others},
  booktitle=osdi,
  year={2008},
  month=dec
}

% application

@inproceedings{kautz92planning,
  title={Planning as satisfiability},
  author={Kautz, Henry A and Selman, Bart},
  booktitle={Proc. ECAI},
  year={1992},
  month=aug
}


% acyclicity-1
@inproceedings{gebser14answer,
  title={Answer set programming as {SAT} modulo acyclicity},
  author={Gebser, Martin and Janhunen, Tomi and Rintanen, Jussi},
  booktitle={Proc. ECAI},
  year={2014}
}

% acyclicity-2
@inproceedings{gebser14sat,
  title={{SAT} modulo graphs: acyclicity},
  author={Gebser, Martin and Janhunen, Tomi and Rintanen, Jussi},
  booktitle={Proc. JELIA},
  year={2014},
}



@article{janota17quest,
  author    = {Mikolas Janota and
               Radu Grigore and
               Vasco M. Manquinho},
  title     = {On the Quest for an Acyclic Graph},
  journal   = {CoRR},
  volume    = {abs/1708.01745},
  url       = {http://arxiv.org/abs/1708.01745},
  archivePrefix = {arXiv},
  eprint    = {1708.01745},
  year      = {2017},
  month = aug
}


% ============
% PL related
% ============

@inproceedings{sinha11predicting,
  title={Predicting serializability violations: {SMT}-based search vs. {DPOR}-based search},
  author={Sinha, Arnab and Malik, Sharad and Wang, Chao and Gupta, Aarti},
  booktitle={Haifa Verification Conference},
  year={2011},
}

@article{nagar18automated,
  title={Automated Detection of Serializability Violations Under Weak Consistency},
  author={Nagar, Kartik and Jagannathan, Suresh},
  journal={arXiv preprint arXiv:1806.08416},
  year={2018}
}

@inproceedings{brutschy18static,
  title={Static serializability analysis for causal consistency},
  author={Brutschy, Lucas and Dimitrov, Dimitar and M{\"u}ller, Peter and Vechev, Martin},
  booktitle=pldi,
  year={2018},
}


@inproceedings{brutschy2017serializability,
  title={Serializability for eventual consistency: criterion, analysis, and applications},
  author={Brutschy, Lucas and Dimitrov, Dimitar and M{\"u}ller, Peter and Vechev, Martin},
  booktitle=popl,
  month=jan,
  year={2017},
}


% --- Thomas established approach
@inproceedings{murphy2019practical,
  title={A practical algorithm for structure embedding},
  author={Murphy, Charlie and Kincaid, Zachary},
  booktitle={International Conference on Verification, Model Checking, and Abstract Interpretation},
  pages={342--362},
  year={2019},
  organization={Springer}
}

@inproceedings{schwartz2015conflict,
  title={Conflict-directed graph coverage},
  author={Schwartz-Narbonne, Daniel and Sch{\"a}f, Martin and Jovanovi{\'c}, Dejan and R{\"u}mmer, Philipp and Wies, Thomas},
  booktitle={NASA Formal Methods Symposium},
  pages={327--342},
  year={2015},
  organization={Springer}
}

% ==============
% related systems
% ==============


@article{liu14consistency,
  title={Consistency as a service: Auditing cloud consistency},
  author={Liu, Qin and Wang, Guojun and Wu, Jie},
  journal={TNSM},
  volume={11},
  number={1},
  year={2014},
  month=mar
}

@inproceedings{aiyer08consistability,
  title={Consistability: Describing Usually Consistent Systems},
  author={Aiyer, Amitanand S and Anderson, Eric and Li, Xiaozhou and Shah, Mehul A and Wylie, Jay J},
  booktitle=hotdep,
  year={2008},
  month=dec
}

@article{blum94checking,
  title={Checking the correctness of memories},
  author={Blum, Manuel and Evans, Will and Gemmell, Peter and Kannan, Sampath and Naor, Moni},
  journal={Algorithmica},
  volume={12},
  number={2-3},
  year={1994},
  month=sep
}

@inproceedings{lu15existential,
  title={Existential consistency: measuring and understanding consistency at {Facebook}},
  author={Lu, Haonan and Veeraraghavan, Kaushik and Ajoux, Philippe and Hunt, Jim and Song, Yee Jiun and Tobagus, Wendy and Kumar, Sanjeev and Lloyd, Wyatt},
  booktitle=sosp,
  year={2015},
  month=oct,
}

@inproceedings{kim15caelus,
  title={Caelus: Verifying the consistency of cloud services with battery-powered devices},
  author={Kim, Beom Heyn and Lie, David},
  booktitle=oakland,
  year={2015},
  month=may
}

@inproceedings{merkle87digital,
 author = {Merkle, Ralph C.},
 title = {A digital signature based on a conventional encryption function},
 booktitle = crypto,
 year = {1987},
 month=aug
} 

@inproceedings{arasu17concerto,
  title={Concerto: a high concurrency key-value store with integrity},
  author={Arasu, Arvind and Eguro, Ken and Kaushik, Raghav and Kossmann, Donald and Meng, Pingfan and Pandey, Vineet and Ramamurthy, Ravi},
  booktitle=sigmod,
  year={2017},
  month=may
}

@inproceedings{li06dynamic,
  title={Dynamic authenticated index structures for outsourced databases},
  author={Li, Feifei and Hadjieleftheriou, Marios and Kollios, George and Reyzin, Leonid},
  booktitle=sigmod,
  year={2006},
  month=jun,
}

@inproceedings{dwork09efficient,
  title={How efficient can memory checking be?},
  author={Dwork, Cynthia and Naor, Moni and Rothblum, Guy N and Vaikuntanathan, Vinod},
  booktitle={Proc. TCC},
  year={2009},
  month=mar
}

% ======================
% verifiable systems
% ======================

@inproceedings{zhang15integridb,
  title={{IntegriDB}: Verifiable {SQL} for outsourced databases},
  author={Zhang, Yupeng and Katz, Jonathan and Papamanthou, Charalampos},
  booktitle=ccs,
  year={2015},
  month=oct,
}

@inproceedings{zhang17vsql,
  author = {Yupeng Zhang and Daniel Genkin and Jonathan Katz and Dimitrios Papadopoulos and Charalampos Papamanthou},
  title = {{vSQL}: Verifying Arbitrary {SQL} Queries over Dynamic Outsourced Databases},
  booktitle = OAKLAND,
  year = 2017,
  month = may,
}

@inproceedings{shraer10venus,
  title={Venus: Verification for untrusted cloud storage},
  author={Shraer, Alexander and Cachin, Christian and Cidon, Asaf and Keidar, Idit and Michalevsky, Yan and Shaket, Dani},
  booktitle=ccsw,
  year={2010},
  month=oct,
}

% pepper line
@inproceedings{setty12making,
  title={Making argument systems for outsourced computation practical (sometimes).},
  author={Setty, Srinath and McPherson, Richard and Blumberg, Andrew J and Walfish, Michael},
  booktitle=ndss,
  year={2012},
  month=feb,
}

@inproceedings{setty12taking,
  title={Taking proof-based verified computation a few steps closer to practicality},
  author={Setty, Srinath and Vu, Victor and Panpalia, Nikhil and Braun, Benjamin and Blumberg, Andrew J and Walfish, Michael},
  booktitle=security,
  year={2012},
  month=aug
}

@inproceedings{braun13verifying,
  title={Verifying computations with state},
  author={Braun, Benjamin and Feldman, Ariel J and Ren, Zuocheng and Setty, Srinath and Blumberg, Andrew J and Walfish, Michael},
  booktitle=sosp,
  year={2013},
  month=nov
}


@inproceedings{setty18proving,
  title={Proving the correct execution of concurrent services in zero-knowledge},
  author={Setty, Srinath and Angel, Sebastian and Gupta, Trinabh and Lee, Jonathan},
  booktitle=osdi,
  year={2018},
  month=oct,
}


@inproceedings{sinha10runtime,
  title={Runtime checking of serializability in software transactional memory},
  author={Sinha, Arnab and Malik, Sharad},
  booktitle=ipdps,
  year={2010},
  month=apr,
}

@inproceedings{popa11enabling,
  title={Enabling security in cloud storage {SLAs} with {CloudProof}},
  author={Popa, Raluca Ada and Lorch, Jacob R and Molnar, David and Wang, Helen J and Zhuang, Li},
  booktitle=atc,
  year={2011},
  month=jun
}


% ======================
% record and replay
% ======================

@inproceedings{tan17efficient,
  title={The efficient server audit problem, deduplicated re-execution, and the web},
  author={Tan, Cheng and Yu, Lingfan and Leners, Joshua and Walfish, Michael},
  booktitle=sosp,
  year={2017},
  month=oct
}

@inproceedings{haeberlen10accountable,
  title={Accountable virtual machines},
  author={Haeberlen, Andreas and Aditya, Paarijaat and Rodrigues, Rodrigo and Druschel, Peter},
  booktitle=osdi,
  year={2010},
  month=oct
}

@inproceedings{vikram09ripley,
  title={Ripley: automatically securing web 2.0 applications through replicated execution},
  author={Vikram, K and Prateek, Abhishek and Livshits, Benjamin},
  booktitle=ccs,
  year={2009},
  month=nov,
}

% ======================
% BFT
% ======================

@inproceedings{castro99practical,
  title={Practical byzantine fault tolerance},
  author={Castro, Miguel and Liskov, Barbara},
  booktitle=osdi,
  year={1999},
  month = feb,
}

@article{mahajan11depot,
  title={Depot: Cloud storage with minimal trust},
  author={Mahajan, Prince and Setty, Srinath and Lee, Sangmin and Clement, Allen and Alvisi, Lorenzo and Dahlin, Mike and Walfish, Michael},
  journal=tocs,
  volume={29},
  number={4},
  year={2011},
}

@inproceedings{li04secure,
  title={Secure untrusted data repository ({SUNDR})},
  author={Li, Jinyuan and Krohn, Maxwell and Mazieres, David and Shasha, Dennis},
  booktitle=osdi,
  year={2004},
  month=dec,
}

@inproceedings{feldman10sporc,
  title={{SPORC}: Group collaboration using untrusted cloud resources},
  author={Feldman, Ariel J and Zeller, William P and Freedman, Michael J and Felten, Edward W},
  booktitle=osdi,
  year={2010},
  month=oct,
}

@inproceedings{gilad17algorand,
  title={Algorand: Scaling byzantine agreements for cryptocurrencies},
  author={Gilad, Yossi and Hemo, Rotem and Micali, Silvio and Vlachos, Georgios and Zeldovich, Nickolai},
  booktitle=sosp,
  year={2017},
  month=oct
}


% ======================
% dependably fast db 
% ======================

@inproceedings{wang16scaling,
  title={Scaling multicore databases via constrained parallel execution},
  author={Wang, Zhaoguo and Mu, Shuai and Cui, Yang and Yi, Han and Chen, Haibo and Li, Jinyang},
  booktitle=sigmod,
  year={2016},
  month = jun,
}

@inproceedings{lim17cicada,
  title={Cicada: Dependably fast multi-core in-memory transactions},
  author={Lim, Hyeontaek and Kaminsky, Michael and Andersen, David G},
  booktitle=sigmod,
  year={2017},
  month=may
}

@inproceedings{faleiro2014lazy,
  title={Lazy evaluation of transactions in database systems},
  author={Faleiro, Jose M and Thomson, Alexander and Abadi, Daniel J},
  booktitle=sigmod,
  year={2014},
  month=june
}

% --- truncation algorithm -----

@inproceedings{farzan08monitoring,
  title={Monitoring atomicity in concurrent programs},
  author={Farzan, Azadeh and Madhusudan, Parthasarathy},
  booktitle=cav,
  year={2008},
  month=jul
}

@article{hadzilacos89deleting,
  title={Deleting completed transactions},
  author={Hadzilacos, Thanasis and Yannakakis, Nihalis},
  journal={Journal of Computer and System Sciences},
  volume={38},
  number={2},
  year={1989},
}


% ------ check consistency of cloud databases ------

% serializability testing
@inproceedings{zellag12consistent,
  title={How consistent is your cloud application?},
  author={Zellag, Kamal and Kemme, Bettina},
  booktitle=socc,
  year={2012},
  month=oct
}

@inproceedings{golab14client,
  title={Client-centric benchmarking of eventual consistency for cloud storage systems},
  author={Golab, Wojciech and Rahman, Muntasir Raihan and AuYoung, Alvin and Keeton, Kimberly and Gupta, Indranil},
  booktitle=icdcs,
  year={2014},
  month=jun,
}

@inproceedings{wada11data,
  title={Data consistency properties and the trade-offs in commercial cloud storage: the consumers' perspective},
  author={Wada, Hiroshi and Fekete, Alan and Zhao, Liang and Lee, Kevin and Liu, Anna},
  booktitle=cidr,
  year={2011},
  month=jan,
}

@inproceedings{rahman12toward,
  title={Toward a principled framework for benchmarking consistency},
  author={Rahman, Muntasir Raihan and Golab, Wojciech and AuYoung, Alvin and Keeton, Kimberly and Wylie, Jay J},
  booktitle=hotdep,
  year={2012},
  month=oct
}


% ------- serializability with false positive ------

@article{xu05serializability,
  title={A serializability violation detector for shared-memory server programs},
  author={Xu, Min and Bod{\'\i}k, Rastislav and Hill, Mark D},
  journal={SIGPLAN Notices},
  volume={40},
  number={6},
  year={2005},
}

@inproceedings{hammer08dynamic,
  title={Dynamic detection of atomic-set-serializability violations},
  author={Hammer, Christian and Dolby, Julian and Vaziri, Mandana and Tip, Frank},
  booktitle=icse,
  year={2008},
  month=may
}

@inproceedings{sumner11marathon,
  title={Marathon: Detecting atomic-set serializability violations with conflict graphs},
  author={Sumner, William N and Hammer, Christian and Dolby, Julian},
  booktitle={Proc. RV},
  year={2011},
  month=sep,
}

% ----- cloud databases -----

@article{corbett13spanner,
  title={Spanner: Google's globally distributed database},
  author={Corbett, James C and Dean, Jeffrey and Epstein, Michael and Fikes, Andrew and Frost, Christopher and Furman, Jeffrey John and Ghemawat, Sanjay and Gubarev, Andrey and Heiser, Christopher and Hochschild, Peter and others},
  journal=tocs,
  volume={31},
  number={3},
  year={2013},
  month=jun
}

@inproceedings{kraska13mdcc,
  title={{MDCC}: Multi-data center consistency},
  author={Kraska, Tim and Pang, Gene and Franklin, Michael J and Madden, Samuel and Fekete, Alan},
  booktitle=eurosys,
  year={2013},
  month=apr
}


@article{mahmoud13low,
  title={Low-latency multi-datacenter databases using replicated commit},
  author={Mahmoud, Hatem and Nawab, Faisal and Pucher, Alexander and Agrawal, Divyakant and El Abbadi, Amr},
  journal=PVLDB,
  volume={6},
  number={9},
  year={2013},
  month=jul
}


@inproceedings{verbitski17amazon,
  title = {{Amazon Aurora} : Design considerations for high throughput cloud-native relational databases},
  author = {Verbitski, Alexandre and Gupta, Anurag and Saha, Debanjan and Brahmadesam, Murali and Gupta, Kamal and Mittal, Raman and Krishnamurthy, Sailesh and Maurice, Sandor and Kharatishvili, Tengiz and Bao, Xiaofeng},
  booktitle = sigmod,
  year = {2017},
  month=may
}


% ---- tmp ---


@book{clrs,
    title = "Introduction to Algorithms, third edition",
    author = "Thomas H. Cormen and Charles E. Leiserson and Ronald L.
        Rivest and Clifford Stein",
    year = 2009,
    publisher = "The {MIT} Press"
}


% ======================
% consistency definition
% ======================

@article{lamport79how,
  title={How to make a multiprocessor computer that correctly executes multiprocess programs},
  author={Lamport, Leslie},
  journal=tc,
  volume={C-28},
  number={9},
  year={1979},
  month=sep
}

@inproceedings{petersen97flexible,
 author = {Petersen, Karin and Spreitzer, Mike J. and Terry, Douglas B. and Theimer, Marvin M. and Demers, Alan J.},
 title = {Flexible update propagation for weakly consistent replication},
 booktitle=sosp,
 year = {1997},
 month=oct,
} 

@inproceedings{crooks17seeing,
  title={Seeing is believing: a client-centric specification of database isolation},
  author={Crooks, Natacha and Pu, Youer and Alvisi, Lorenzo and Clement, Allen},
  booktitle=podc,
  year={2017},
  month=jul,
}

@inproceedings{berenson95critique,
  ids={isolationlevel:sigmod95},
  author = {Berenson, Hal and Bernstein, Phil and Gray, Jim and Melton, Jim and O'Neil, Elizabeth and O'Neil, Patrick},
  title = {A Critique of {ANSI SQL} Isolation Levels},
  booktitle = sigmod,
  year = {1995},
  month = may,
} 
% ======================
% isolation attack
% ======================

@inproceedings{warszawski17acidrain,
  title={{ACIDRain}: Concurrency-related attacks on database-backed web applications},
  author={Warszawski, Todd and Bailis, Peter},
  booktitle=sigmod,
  year={2017},
  month=may
}

% MW adding; sorry it isn't categorized
@inproceedings{karapanos16verena,
    author = "Nikolaos Karapanos and Alexandros Filios and Raluca Ada Popa and
        Srdjan Capkun",
    title = "Verena: End-to-End Integrity Protection for {W}eb
        Applications",
    booktitle = OAKLAND,
    month = may,
    year = 2016
}

@inproceedings{crooks18obladi,
author = "Natacha Crooks and Matthew Burke and Ethan Cecchetti and Sitar Harel and Lorenzo Alvisi and Rachit Agarwal",
title = "Obladi: Oblivious Serializable Transactions in the Cloud",
booktitle = OSDI,
year = 2018,
month = oct}

@inproceedings{brutschy17serializability,
 author = {Brutschy, Lucas and Dimitrov, Dimitar and M\"{u}ller, Peter and Vechev, Martin},
 title = {Serializability for eventual consistency: criterion, analysis, and applications},
 booktitle = POPL,
 year = {2017},
 month= jan,
} 

@article{zellag14consistency,
 author = {Zellag, Kamal and Kemme, Bettina},
 title = {Consistency anomalies in multi-tier architectures: automatic detection and prevention},
 journal = {The VLDB Journal},
 volume = {23},
 number = {1},
 month = feb,
 year = {2014},
} 

% SM TODO categorize, added for osdi 20

@article{kingsbury20elle,
  title={Elle: Inferring Isolation Anomalies from Experimental Observations},
  author={Kingsbury, Kyle and Alvaro, Peter},
  journal={arXiv preprint arXiv:2003.10554},
  year={2020}
}

@inproceedings{rahmani19clotho,
  title={CLOTHO: directed test generation for weakly consistent database systems},
  author={Rahmani, Kia and Nagar, Kartik and Delaware, Benjamin and Jagannathan, Suresh},
  booktitle=OOPSLA,
  month=oct,
  year={2019},
}

% txn chopping: ser but not sser
@article{shasha95transaction,
  title={Transaction chopping: Algorithms and performance studies},
  author={Shasha, Dennis and Llirbat, Francois and Simon, Eric and Valduriez, Patrick},
  journal={ACM Transactions on Database Systems (TODS)},
  volume={20},
  number={3},
  year={1995},
}

@inproceedings{cahill08serializable,
    author = {Cahill, Michael J. and R\"{o}hm, Uwe and Fekete, Alan D.},
    title = {Serializable Isolation for Snapshot Databases},
    year = {2008},
    isbn = {9781605581026},
    xpublisher = {Association for Computing Machinery},
    xaddress = {New York, NY, USA},
    xurl = {https://doi.org/10.1145/1376616.1376690},
    xdoi = {10.1145/1376616.1376690},
    booktitle = SIGMOD,
    xpages = {729–738},
    xnumpages = {10},
    xkeywords = {serializability theory, snapshot isolation, multiversion concurrency control},
    xcation = {Vancouver, Canada},
    xseries = {SIGMOD ’08}
}

@inproceedings{jorwekar07automating,
    author = {Jorwekar, Sudhir and Fekete, Alan and Ramamritham, Krithi and Sudarshan, S.},
    title = {Automating the Detection of Snapshot Isolation Anomalies},
    year = {2007},
    xisbn = {9781595936493},
    xpublisher = {VLDB Endowment},
    booktitle = VLDB,
    xpages = {1263–1274},
    numpages = {12},
    xlocation = {Vienna, Austria},
    xseries = {VLDB ’07}
}

% range queries
@inproceedings{zhang15building,
  ids={tapir:sosp15},
  title="Building consistent transactions with inconsistent replication",
  author="Irene Zhang and Naveen Kr. Sharma and Adriana Szekeres and Arvind Krishnamurthy	and Dan R. K. Ports",
  booktitle=sosp,
  year=2015,
  month = oct,
}

@inproceedings{mu14extracting,
  ids={rococo:osdi14},
  author = {Mu, Shuai and Cui, Yang and Zhang, Yang and Lloyd, Wyatt and Li, Jinyang},
  title = {Extracting more concurrency from distributed transactions},
  booktitle = osdi,
  year = {2014},
  month = oct,
} 

@inproceedings{su17bringing,
  title={Bringing modular concurrency control to the next level},
  author={Su, Chunzhi and Crooks, Natacha and Ding, Cong and Alvisi, Lorenzo and Xie, Chao},
  booktitle={Proceedings of the 2017 ACM International Conference on Management of Data},
  year={2017},
  month=may, 
}

@inproceedings{xie15high,
  ids={callas:sosp15},
  title={High-performance ACID via modular concurrency control},
  author={Chao Xie and Su, Chunzhi and Cody Littley and Lorenzo Alvisi and Manos Kapritsos	and Yang Wang},
  booktitle=sosp,
  year = {2015},
  month = oct,
}
